<?xml version="1.0" encoding="utf-8"?>
<record xmlns="http://www.loc.gov/MARC21/slim" xmlns:xsi="http://www.w3.org/2001/XMLSchema-instance" xsi:schemaLocation="http://www.loc.gov/MARC21/slim http://www.loc.gov/standards/marcxml/schema/MARC21slim.xsd">
	<leader>     nam a22        4500</leader>
	<controlfield tag="001">b12760559</controlfield>
	<controlfield tag="003">LeBAU</controlfield>
	<controlfield tag="006">m        d        </controlfield>
	<controlfield tag="007">cr cn |||m|||a</controlfield>
	<controlfield tag="008">170926s1909    mr      o     000 0 ara d</controlfield>
	<datafield ind1=" " ind2=" " tag="040">
		<subfield code="a">NNU</subfield>
		<subfield code="b">ara</subfield>
		<subfield code="e">rda</subfield>
		<subfield code="c">NNU</subfield>
	</datafield>
	<datafield ind1="0" ind2="4" tag="082">
		<subfield code="a">349.297</subfield>
		<subfield code="2">20</subfield>
	</datafield>
	<datafield ind1="0" ind2=" " tag="100">
		<subfield code="6">880-01</subfield>
		<subfield code="a">Averroës,</subfield>
		<subfield code="d">1126-1198,</subfield>
		<subfield code="e">author.</subfield>
	</datafield>
	<datafield ind1="1" ind2="0" tag="245">
		<subfield code="6">880-02</subfield>
		<subfield code="a">Kitāb Bidāyat al-mujtahid wa-nihāyat al-muqtaṣid /</subfield>
		<subfield code="c">lil-shaykh al-imām al-ḥāfiẓ al-nāqid al-baḥr al-zākhir Abī al-Walīd Muḥammad ibn Aḥmad ibn al-Imām al-shahīr ḥāmil liwā’ al-madhhab wa-ḥidhāmuh Abī al-Walīd Muḥammad ibn Aḥmad ibn Rushd al-Qurṭubī.</subfield>
	</datafield>
	<datafield ind1="3" ind2="0" tag="246">
		<subfield code="6">880-03</subfield>
		<subfield code="a">Bidāyat al-mujtahid wa-nihāyat al-muqtaṣid</subfield>
	</datafield>
	<datafield ind1=" " ind2="1" tag="264">
		<subfield code="6">880-04</subfield>
		<subfield code="a">Fās :</subfield>
		<subfield code="b">al-Maṭba‘ah al-Mawlawīyah,</subfield>
		<subfield code="c">1327 [H.], [1909? M.]</subfield>
	</datafield>
	<datafield ind1=" " ind2=" " tag="300">
		<subfield code="6">880-05</subfield>
		<subfield code="a">online resource (2 volumes)</subfield>
	</datafield>
	<datafield ind1=" " ind2=" " tag="336">
		<subfield code="a">text</subfield>
		<subfield code="2">rdacontent</subfield>
	</datafield>
	<datafield ind1=" " ind2=" " tag="337">
		<subfield code="a">computer</subfield>
		<subfield code="2">rdamedia</subfield>
	</datafield>
	<datafield ind1=" " ind2=" " tag="338">
		<subfield code="a">online resource</subfield>
		<subfield code="2">rdacarrier</subfield>
	</datafield>
	<datafield ind1=" " ind2=" " tag="500">
		<subfield code="a">Part of the Arabic Collections Online (ACO) project, contributed by American University of Beirut's Jafet Memorial Library.</subfield>
	</datafield>
	<datafield ind1=" " ind2=" " tag="533">
		<subfield code="a">Electronic reproduction.</subfield>
		<subfield code="b">New York, N.Y. :</subfield>
		<subfield code="c">New York University,</subfield>
		<subfield code="d">2017.</subfield>
		<subfield code="5">NNU</subfield>
	</datafield>
	<datafield ind1=" " ind2=" " tag="590">
		<subfield code="a">في المكتبة: الجزء 1.</subfield>
	</datafield>
	<datafield ind1=" " ind2="4" tag="650">
		<subfield code="a">الفقه الاسلامي</subfield>
		<subfield code="v">اعمال قديمة حتى 1800.</subfield>
	</datafield>
	<datafield ind1=" " ind2="4" tag="650">
		<subfield code="a">الفقه الاسلامي</subfield>
		<subfield code="x">تفسير وبنية</subfield>
		<subfield code="v">اعمال قديمة حتى 1800.</subfield>
	</datafield>
	<datafield ind1=" " ind2="4" tag="650">
		<subfield code="a">المذهب المالكي</subfield>
		<subfield code="v">اعمال قديمة حتى 1800.</subfield>
	</datafield>
	<datafield ind1=" " ind2="4" tag="650">
		<subfield code="a">الاسلام</subfield>
		<subfield code="x">عقائد</subfield>
		<subfield code="v">اعمال قديمة حتى 1800.</subfield>
	</datafield>
	<datafield ind1=" " ind2="0" tag="650">
		<subfield code="a">Islamic law</subfield>
		<subfield code="v">Early works to 1800.</subfield>
	</datafield>
	<datafield ind1=" " ind2="0" tag="650">
		<subfield code="a">Islamic law</subfield>
		<subfield code="x">Interpretation and construction</subfield>
		<subfield code="v">Early works to 1800.</subfield>
	</datafield>
	<datafield ind1=" " ind2="0" tag="650">
		<subfield code="a">Malikites</subfield>
		<subfield code="v">Early works to 1800.</subfield>
	</datafield>
	<datafield ind1=" " ind2="0" tag="650">
		<subfield code="a">Islam</subfield>
		<subfield code="x">Doctrines</subfield>
		<subfield code="v">Early works to 1800.</subfield>
	</datafield>
	<datafield ind1="2" ind2=" " tag="710">
		<subfield code="a">Jafet Memorial Library.</subfield>
	</datafield>
	<datafield ind1="0" ind2=" " tag="730">
		<subfield code="a">Arabic Collections Online.</subfield>
	</datafield>
	<datafield ind1="0" ind2=" " tag="767">
		<subfield code="6">880-10</subfield>
		<subfield code="i">Translated as:</subfield>
		<subfield code="t">Distinguished jurist's primer: a translation of Bidayat al-mujtahid.</subfield>
		<subfield code="b">1st ed.</subfield>
		<subfield code="d">London : Center for Muslim Contribution to Civilization, c1994</subfield>
		<subfield code="w">(OCoLC)31812369</subfield>
		<subfield code="w">(OCoLC)31812369</subfield>
	</datafield>
	<datafield ind1="0" ind2=" " tag="775">
		<subfield code="6">880-06</subfield>
		<subfield code="t">بداية المجتهد ونهاية المقتصد</subfield>
		<subfield code="d">al-Qāhirah : Dār al-Kutub al-Ḥadīthah, 1975</subfield>
		<subfield code="w">(OCoLC)784311157</subfield>
		<subfield code="w">(OCoLC)784311157</subfield>
		<subfield code="a">Bidāyat al-mujtahid wa-nihāyat al-muqtaṣid</subfield>
	</datafield>
	<datafield ind1="0" ind2=" " tag="775">
		<subfield code="6">880-07</subfield>
		<subfield code="t">بداية المجتهد ونهاية المقتصد</subfield>
		<subfield code="d">al-Qāhirah : Muḥammad ‘Alī Ṣubayḥ, 1966</subfield>
		<subfield code="w">(OCoLC)b12428255</subfield>
		<subfield code="w">(OCoLC)b12428255</subfield>
		<subfield code="a">Bidāyat al-mujtahid wa-nihāyat al-muqtaṣid</subfield>
	</datafield>
	<datafield ind1="0" ind2=" " tag="775">
		<subfield code="6">880-08</subfield>
		<subfield code="t">بداية المجتهد ونهاية المقتصد.</subfield>
		<subfield code="b">al-Ṭab‘ah al-ūlá.</subfield>
		<subfield code="d">Bayrūt : Dār ibn Ḥazm</subfield>
		<subfield code="w">(OCoLC)784500590</subfield>
		<subfield code="w">(OCoLC)784500590</subfield>
		<subfield code="a">Bidāyat al-mujtahid wa-nihāyat al-muqtaṣid.</subfield>
	</datafield>
	<datafield ind1="0" ind2=" " tag="775">
		<subfield code="6">880-09</subfield>
		<subfield code="t">بداية المجتهد ونهاية المقتصد</subfield>
		<subfield code="d">[Bayrūt] : Mu’assasat Naṣir lil-Thaqāfah, [1980]</subfield>
		<subfield code="w">b18272514</subfield>
		<subfield code="a">Bidāyat al-mujtahid wa-nihāyat al-muqtaṣid</subfield>
	</datafield>
	<datafield ind1="0" ind2="8" tag="776">
		<subfield code="i">Print version:</subfield>
		<subfield code="a">Averroës, 1126-1198, author.</subfield>
		<subfield code="t">Kitāb Bidāyat al-mujtahid wa-nihāyat al-muqtaṣid</subfield>
		<subfield code="w">(LeBAU)b12760559</subfield>
	</datafield>
	<datafield ind1="4" ind2="0" tag="856">
		<subfield code="u">http://hdl.handle.net/2333.1/15dv46ts</subfield>
	</datafield>
	<datafield ind1="0" ind2=" " tag="880">
		<subfield code="6">100-01/(3/r</subfield>
		<subfield code="a">إبن رشد,</subfield>
		<subfield code="d">1126-1198،</subfield>
		<subfield code="e">مؤلف. </subfield>
		<subfield code="4">aut.</subfield>
	</datafield>
	<datafield ind1="1" ind2="0" tag="880">
		<subfield code="6">245-02/(3/r</subfield>
		<subfield code="a">كتاب بداية المجتهد ونهاية المقتصد /</subfield>
		<subfield code="c">للشيخ الإمام الحافظ الناقد البحر الزاخر أبي الوليد محمد بن أحمد إبن الإمام الشهير حامل لواء المذهب وحذامه أبي الوليد محمد بن أحمد بن رشد القرطبي.</subfield>
	</datafield>
	<datafield ind1="3" ind2="0" tag="880">
		<subfield code="6">246-03/(3/r</subfield>
		<subfield code="a">بداية المجتهد ونهاية المقتصد</subfield>
	</datafield>
	<datafield ind1=" " ind2="1" tag="880">
		<subfield code="6">264-04/(3/r</subfield>
		<subfield code="a">فاس :</subfield>
		<subfield code="b">المطبعة المولوية،</subfield>
		<subfield code="c">1327 [هـ.]، [1909؟ م.]</subfield>
	</datafield>
	<datafield ind1=" " ind2=" " tag="880">
		<subfield code="6">300-05/(3/r</subfield>
		<subfield code="a">2 جزء ؛</subfield>
		<subfield code="c">29 سم</subfield>
	</datafield>
	<datafield ind1="0" ind2=" " tag="880">
		<subfield code="6">775-06/(3/r</subfield>
		<subfield code="a">Bidāyat al-mujtahid wa-nihāyat al-muqtaṣid</subfield>
		<subfield code="d">القاهرة : دار الكتب الحديثة، 1975</subfield>
		<subfield code="w">b1242819x</subfield>
		<subfield code="w">(OCoLC)784311157</subfield>
	</datafield>
	<datafield ind1="0" ind2=" " tag="880">
		<subfield code="6">775-07/(3/r</subfield>
		<subfield code="a">Bidāyat al-mujtahid wa-nihāyat al-muqtaṣid</subfield>
		<subfield code="d">القاهرة : محمد علي صبيح، 1966</subfield>
		<subfield code="w">b12428255</subfield>
		<subfield code="w">(OCoLC)b12428255</subfield>
	</datafield>
	<datafield ind1="0" ind2=" " tag="880">
		<subfield code="6">775-08/(3/r</subfield>
		<subfield code="a">Bidāyat al-mujtahid wa-nihāyat al-muqtaṣid.</subfield>
		<subfield code="b">الطبعة الأولى</subfield>
		<subfield code="d">بيروت : دار ابن حزم، 1995</subfield>
		<subfield code="w">b12749084</subfield>
		<subfield code="w">(OCoLC)784500590</subfield>
	</datafield>
	<datafield ind1="0" ind2=" " tag="880">
		<subfield code="6">775-09/(3/r</subfield>
		<subfield code="a">Bidāyat al-mujtahid wa-nihāyat al-muqtaṣid</subfield>
		<subfield code="d">[بيروت] : مؤسسة ناصر للثقافة، [1980]</subfield>
		<subfield code="w">b18272514</subfield>
	</datafield>
	<datafield ind1="0" ind2=" " tag="880">
		<subfield code="6">767-10/(3/r</subfield>
		<subfield code="i">ترجم إلى:</subfield>
		<subfield code="t">Distinguished jurist's primer: a translation of Bidayat al-mujtahid.</subfield>
		<subfield code="b">1st ed.</subfield>
		<subfield code="d">London : Center for Muslim Contribution to Civilization, c1994</subfield>
		<subfield code="w">b1356464x</subfield>
		<subfield code="w">(OCoLC)31812369</subfield>
	</datafield>
	<datafield ind1=" " ind2=" " tag="959">
		<subfield code="a">NNU</subfield>
		<subfield code="b">WEB</subfield>
		<subfield code="c">GENI</subfield>
		<subfield code="t">0</subfield>
		<subfield code="m">Electronic access</subfield>
		<subfield code="s">01</subfield>
	</datafield>
	<datafield ind1=" " ind2=" " tag="999">
		<subfield code="i">LeBAU_b12760559</subfield>
		<subfield code="s">aub_aco001243:v.1</subfield>
		<subfield code="e">(ERROR-MISC)</subfield>
	</datafield>
</record>
